2960 3702
1365 325 1699 410 4⁴10...

1162 566 1204 608 D
1234 566 1276 608 E
1352 566 1396 609 A
1424 567 1462 608 P
1492 566 1531 607 0
1561 565 1602 608 L
1631 565 1672 607 L
1701 565 1725 607 1
1752 566 1794 607 N
1821 567 1878 609 Ε.

550 658 693 702 Quum
725 657 773 695 iu
798 655 918 695 omui
957 653 1230 705 mythologia
1256 657 1520 707 sapientiam
1563 656 1808 706 priscorum
1839 654 2075 695 hominum
2113 666 2350 710 corumque
2388 661 2444 702 de
2485 664 2640 704 natura

382 758 525 784 rerum
555 749 599 784 et
628 745 683 783 de
713 744 850 782 animi
881 742 1060 781 humaui
1088 742 1261 783 viribus
1290 745 1337 783 et
1364 741 1470 784 fatis
1498 744 1580 785 sub
1611 743 1842 784 involucro
1872 742 2115 785 fabularum
2154 746 2388 795 ingeniose
2429 750 2631 791 iuventa-

380 844 476 872 rum
505 833 721 873 occultam
750 819 1046 882 reperiamus,
1076 834 1167 872 tum
1198 832 1246 871 in
1275 831 1467 882 singulis
1488 833 1669 882 propter
1698 831 2000 878 arctissimum,
2028 832 2144 882 quod
2171 832 2288 871 iuter
2316 843 2478 873 >omnes
2511 836 2634 875 fabu-

381 924 444 961 las
475 923 661 968 obtinet,
689 918 921 959 vinculum
946 925 1104 961 cuncta
1132 919 1241 967 rere,
1273 933 1384 972 quae
1415 922 1465 959 iu
1494 921 1664 962 ceteris}
1683 932 1858 972 quoque
1889 919 2039 967 latent,
2080 919 2261 970 proprie
2298 931 2508 971 expressa
2536 933 2631 962 cer-

389 1021 495 1047 nere
527 1011 649 1056 licet,
681 1011 745 1048 ita
766 1011 817 1047 ut
842 1009 1056 1047 transitus
1087 1008 1142 1045 ad
1170 1018 1321 1046 ornnes
1350 1008 1459 1046 alias
1488 1006 1688 1045 notiones
1711 1017 1808 1047 non
1838 1006 2035 1047 difficilis
2064 1011 2227 1055 pateat.
2285 1007 2516 1066 Adqquam
2545 1022 2638 1051 rem

386 1099 735 1143 confirmandam
764 1095 989 1147 Apollinis
1017 1093 1210 1138 fabulam
1238 1094 1511 1146 potissimum
1539 1092 1786 1133 accuratius
1814 1091 2160 1145 pertractandam
2186 1095 2432 1135 sumsimus.
2511 1095 2636 1144 Quae

384 1190 533 1228 sabula
563 1198 669 1225 vero
700 1196 828 1236 quum
869 1168 959 1222 late
987 1176 1136 1230 pateat
1165 1185 1209 1220 et
1248 1181 1376 1230 plura
1414 1180 1755 1230 complectatur,
1826 1193 1955 1232 quam
1996 1193 2109 1232 quae
2156 1182 2352 1222 breviter
2410 1185 2643 1226 enucleari

385 1276 577 1326 possint,
609 1283 750 1323 pauca
779 1272 941 1310 tantum
971 1267 1026 1304 de
1056 1270 1180 1313 ortu,
1230 1267 1484 1325 muneribus
1528 1266 1743 1319 testisque
1773 1268 1903 1316 hujus
1937 1270 2010 1308 dei
2048 1270 2205 1309 diebus
2234 1271 2548 1320 delibabimus,
2609 1288 2633 1313 e

387 1363 582 1402 tontibus
611 1361 762 1398 hausta
791 1355 1131 1405 probatissimis.

559 1446 834 1488 Certamine,
879 1445 996 1492 quod
1026 1455 1126 1482 cum
1157 1441 1337 1480 Titanis
1365 1446 1613 1482 consertum
1638 1448 1762 1491 erat,
1800 1447 2067 1494 composito,
2106 1448 2286 1487 nactum
2317 1459 2411 1487 esse
2441 1448 2635 1490 Deorum

384 1537 618 1589 imperium
647 1531 827 1578 Iovem,
859 1531 1003 1580 iisque
1032 1529 1310 1568 distribuisse
1353 1518 1572 1575 honores,
1632 1541 1719 1580 qua
1755 1541 1804 1568 rc
1840 1542 2027 1580 regumn
2065 1529 2373 1582 Olympiorum
2402 1536 2627 1576 conditum

385 1630 469 1671 sit,
500 1622 676 1663 Graeca
704 1619 853 1659 sabula
881 1617 1032 1658 refert.
1097 1615 1345 1656 Constituto
1395 1615 1479 1654 hoc
1508 1627 1622 1654 novo
1667 1628 1806 1665 regno
1851 1629 2001 1657 omnes
2042 1618 2207 1669 reliqui
2247 1603 2515 1660 Graecorum
2538 1611 2633 1661 'dei
2693 1629 2699 1633 '

385 1715 483 1764 plus
512 1712 714 1751 minusve
744 1717 800 1744 ex
830 1705 941 1744 Jove
971 1705 1166 1754 pendent
1196 1704 1267 1741 vel
1297 1703 1448 1754 aliqua
1475 1704 1533 1742 iis
1562 1716 1658 1742 cum
1687 1702 1798 1742 Jove
1831 1705 2065 1744 intercedit
2093 1705 2358 1755 conjunctio.
2409 1706 2490 1747 Ad
2521 1710 2630 1749 illud

386 1797 723 1849 exprimendum
751 1793 1001 1844 progeniei,
1032 1793 1085 1830 ad
1114 1792 1196 1830 lioc
1227 1803 1336 1831 vero
1367 1793 1706 1831 adumbrandnm
1736 1791 1935 1841 conjugii
1965 1792 2165 1832 adhibuit
2194 1796 2429 1834 notionem.
2491 1767 2635 1836 Theo-

385 1890 521 1937 gonia
549 1884 762 1929 Hesiodi,
820 1883 988 1930 septem
1017 1880 1239 1918 connubia
1269 1881 1402 1917 inisse
1431 1877 1609 1924 Iovem,
1646 1881 1775 1929 atque
1794 1878 2051 1927 Apollinem
2083 1894 2170 1922 una
2199 1895 2299 1923 cum
2313 1884 2458 1926 Diana
2484 1897 2635 1926 sorore

393 1977 449 2013 ab
478 1972 589 2012 Jove
620 1982 676 2009 ex
705 1969 873 2008 Latona
901 1968 1100 2015 genitum
1129 1977 1252 2012 esse,
1283 1940 1520 2003 memoriae
1550 1965 1713 2014 prodit.
1743 1960 1792 2011 *)
1829 2006 1843 2018 .

555 2057 609 2099 In
641 2055 994 2104 Theogonia,ex
1022 2051 1247 2103 Apollinis
1277 2054 1529 2092 muneribus
1559 2063 1694 2091 uuum
1723 2052 2021 2092 tantummodo
2055 2056 2186 2108 idque
2233 2059 2461 2107 sagittarii
2511 2072 2635 2112 repe-

401 2150 536 2187 rimus
554 2175 566 2194 ,
624 2145 829 2194 idemque
859 2141 974 2190 apud
1001 2138 1241 2178 Homerum
1270 2141 1337 2177 est
1363 2137 1527 2187 Apollo
1558 2133 1801 2192 ἑκηβόλος,
1829 2133 2058 2193 ἑκάεργος,
2084 2136 2425 2196 ἀργυρότοξος,
2466 2139 2636 2198 ἔχω-ος,

400 2225 747 2287 ἑκατηβελὲτης,
772 2222 942 2274 πύθιος
958 2254 975 2274 ,
1004 2222 1315 2273 πυθοκτόνος,
1352 2221 1523 2278 τοξίας,
1551 2219 1826 2280 τοξοφόρος,
1855 2221 2092 2282 χρυσάωρ,
2129 2224 2333 2286 ἀφὴτωρ.
2394 2231 2508 2272 Tela
2547 2239 2637 2275 tum

391 2324 541 2366 iratus,
572 2321 664 2358 tum
692 2316 811 2354 mitis
841 2314 1028 2361 emittit,
1066 2314 1229 2364 quippe
1268 2314 1344 2364 qui
1386 2313 1445 2350 iis
1473 2313 1616 2352 missis
1653 2313 1783 2351 modo
1824 2312 1987 2359 leniter
2016 2319 2287 2355 senectutem
2318 2317 2488 2359 auferat
2516 2322 2634 2360 vitae

390 2412 639 2460 pertaesam
658 2399 760 2451 **)‚
799 2402 925 2439 modo
969 2402 1105 2437 iratus
1143 2403 1310 2449 pestem
1348 2399 1490 2437 mittat
1530 2400 1603 2436 vel
1642 2403 1802 2446 necet,
1848 2404 1896 2438 ut
1925 2398 2092 2439 Niobes
2120 2402 2248 2442 tilios.
2280 2424 2337 2433 —
2365 2403 2492 2445 Cotta
2521 2410 2637 2457 ,pud

399 2476 664 2538 Ciceronem
693 2491 749 2530 de
779 2491 937 2528 natura
965 2488 1144 2526 deorum
1174 2485 1411 2536 Apollines
1441 2488 1627 2537 quatuor
1657 2486 1877 2534 celebrat,
1909 2499 2092 2540 quorum
2122 2491 2449 2549 antiquissimus
2478 2495 2531 2541 is,
2561 2498 2638 2547 qui

400 2596 459 2624 ex
490 2581 698 2622 Vulcano
727 2579 855 2616 natus
885 2573 1155 2615 Athenarum
1186 2577 1327 2612 custos
1358 2575 1501 2613 dictus
1531 2577 1610 2626 est,
1643 2574 1754 2611 alter
1782 2574 2044 2626 Corybantis
2085 2577 2200 2616 tilius
2239 2583 2364 2618 natus
2415 2567 2463 2618 iu
2492 2580 2635 2628 Creta,

391 2672 515 2722 cujus
543 2671 595 2709 de
627 2667 706 2707 illa
734 2663 878 2704 insula
907 2659 1143 2714 cunr-love
1172 2661 1268 2711 ipso
1298 2663 1519 2701 certamen
1548 2659 1682 2700 fuisse
1712 2661 1902 2710 dicitur,
1934 2664 2090 2704 tertius
2118 2663 2230 2705 Jove
2259 2667 2392 2706 tertio
2423 2672 2550 2709 natus
2588 2674 2633 2710 et

515 2802 551 2844 ’'‘)
577 2799 716 2835 llcsiod.
742 2797 879 2839 Theog.
903 2805 935 2827 v.
960 2792 1031 2838 9¹8
1058 2791 1126 2826 Ed.
1152 2791 1345 2838 Goettling.

682 2855 819 2918 Λητώ
859 2853 894 2899 δ’
910 2850 1191 2899 Ἀπόλλωνα
1215 2855 1288 2896 καὶ
1305 2852 1520 2915 ’Ἄρτεμιν
1547 2851 1788 2912 ἰοχέαιραν,

683 2927 906 2990 ἱμερόεντα
933 2923 1063 2984 γόνον
1082 2927 1183 2983 περὶ
1205 2923 1385 2969 πάντων
1415 2924 1719 2984 Οὐρανιώνων,

681 2999 833 3059 γείνατ’
870 2996 935 3058 ἄρ’
970 2995 1187 3056 αἰγιόχοιο
1216 2994 1323 3047 Διὸς
1351 2996 1549 3057 φιλότητι
1588 3006 1774 3057 μιγεῖσα.

501 3095 555 3138 **)
581 3094 631 3127 cl.
666 3091 814 3126 Homeri
850 3087 1066 3132 Odyss.111.
1102 3097 1135 3118 v.
1169 3095 1250 3128 279·

679 3150 816 3197 ἐνθα
870 3146 1135 3209 κυβερνήτην
1189 3143 1427 3191 Μενελάου
1478 3145 1648 3199 Φοῖβος
1693 3145 1940 3192 Ἀπόλλων

684 3221 744 3276 οἷς
769 3223 970 3280 ἀγανοῖς
999 3219 1219 3271 βελέεσσιν
1244 3217 1545 3278 ἐποιχόμενος
1574 3218 1856 3276 κατέπεφνεν.

1464 3315 1579 3461 >
