2960 3702
1425 327 1727 378 ...4.-

437 458 599 506 partim
656 468 727 496 res
783 458 836 495 ab
894 453 1087 504 antiquis
1143 455 1322 503 regibus
1384 467 1436 494 ac
1493 455 1603 496 viris
1673 452 1922 496 fortissimis
1986 456 2138 503 gestae
2204 469 2303 498 cum
2370 457 2533 500 fabulis
2589 459 2680 498 sint

440 545 715 594 conjunctae,
740 543 900 592 partim
930 542 1194 583 eruditionis
1223 545 1396 592 gradus,
1422 546 1469 583 e't
1495 546 1684 586 societas
1708 544 1889 595 populi,
1927 555 2013 596 qua
2057 543 2169 584 alios
2198 546 2444 596 attingebat
2478 547 2682 598 populos,

440 644 719 684 permagnam
746 632 838 670 vim
866 631 922 670 ad
949 631 1096 671 varias
1123 630 1369 672 tabularum
1396 630 1557 671 formas
1585 632 1833 680 habuerint,
1864 632 1912 671 id
1939 631 2056 682 quod
2084 631 2288 681 inprimis
2304 635 2353 673 in
2363 632 2526 683 fabulis
2540 631 2679 675 Grae-

442 733 588 761 corum
616 721 944 770 respiciendum
973 722 1055 759 est.
1112 718 1184 760 Ab
1225 721 1539 771 antiquishis
1584 720 1705 759 enim
1738 719 2007 769 temporibus
2051 721 2225 768 apertas
2259 721 2575 773 expeditusque
2619 721 2684 762 ot·-

440 807 527 852 fert
554 807 653 848 vias
680 806 880 858 publicas
908 808 954 847 et
982 808 1137 857 portus
1166 804 1385 856 Graecia,
1422 807 1581 860 quibus
1617 808 1748 849 rebus
1784 806 1920 848 multo
1966 804 2144 848 facilius
2181 806 2385 848 nationes
2432 807 2680 859 disjunctae

442 895 780 954 conjunguntur.
839 892 1124 946 Quapropter
1151 894 1402 945 nationibus
1429 895 1650 945 migrandi
1681 894 1824 934 avidis
1852 894 1988 935 multa
2014 905 2156 946 eaque
2186 895 2410 935 commoda
2421 895 2543 936 dedit
2565 905 2680 935 com-

440 986 595 1023 mercii
624 984 739 1022 loca.
793 981 897 1022 Huc
926 983 1122 1030 accedit,
1155 985 1272 1034 quod
1300 984 1587 1023 circumcirca
1615 992 1691 1021 eos
1719 980 1936 1031 ejusmodi
1963 981 2221 1020 habitabant
2248 985 2426 1030 gentes,
2455 985 2503 1022 ut
2531 980 2672 1021 Phoe·

440 1073 590 1120 nices,
627 1072 789 1123 quibus
817 1070 932 1111 altus
960 1058 1315 1110 monsLibanon
1365 1071 1490 1120 ligna
1529 1071 1714 1110 navibus
1752 1069 2033 1110 aedificandis
2078 1069 2304 1120 aptissima
2342 1069 2679 1119 suppeditabat3

441 1160 675 1199 meridiem
704 1167 856 1197 versus
884 1155 1115 1209 Aegyptii,
1144 1155 1311 1208 Libyes
1339 1160 1387 1196 et
1414 1156 1511 1199 alii.
1568 1154 1805 1207 Expeditis
1845 1155 1924 1196 tali
1962 1155 2091 1195 modo
2126 1157 2401 1197 commerciis
2447 1158 2680 1206 cogitatio-

440 1259 519 1288 nes
550 1249 822 1288 diversarum
859 1247 1054 1297 gentium
1083 1245 1384 1294 augebantur,
1416 1248 1463 1285 et
1492 1248 1634 1293 artes,
1664 1245 1866 1285 instituta
1894 1254 2120 1296 moresque
2151 1244 2240 1283 alia
2268 1254 2377 1294 gens
2407 1246 2460 1284 ab
2480 1246 2568 1284 alia
2590 1257 2688 1284 mu-

440 1338 659 1379 tuabatur.
745 1333 1009 1386 Neutiquam
1038 1332 1206 1382 singuli
1235 1333 1534 1372 tantummodo
1564 1333 1683 1372 inter
1710 1342 1759 1371 se
1788 1333 2108 1372 concurrebant
2147 1331 2325 1382 populi,
2356 1333 2433 1371 sed
2463 1333 2674 1384 antiquis·

439 1425 567 1464 simis
597 1423 688 1463 illis
718 1421 1013 1475 temporibus,
1043 1431 1229 1472 quorum
1257 1421 1304 1460 tit
1333 1421 1498 1461 mentio
1529 1421 1576 1459 in
1606 1420 1928 1459 narrationibus
1956 1420 2238 1470 populorum,
2280 1421 2395 1459 varii
2435 1421 2584 1460 coloni
2630 1421 2685 1459 ad

439 1510 654 1549 Graeciae
685 1519 784 1547 oras
814 1510 1096 1547 advenerant.
1174 1507 1364 1547 Inachus
1398 1512 1444 1547 et
1482 1508 1738 1567 Phoroneus
1779 1512 1870 1546 tum
1907 1507 2066 1546 multas
2105 1519 2257 1546 eorum
2285 1484 2462 1555 turbas,
2514 1510 2592 1558 qui
2622 1519 2678 1550 ex

437 1596 643 1647 Aegypto
671 1594 907 1646 Libyaque
936 1595 1273 1644 emigraverant,
1303 1595 1357 1633 ad
1386 1595 1491 1633 litus
1531 1593 1757 1643 Argolidis
1797 1596 2053 1644 exposuisse
2092 1596 2315 1634 dicuntur.
2400 1593 2590 1643 Cecrops
2621 1605 2678 1631 ex

438 1683 573 1722 Saide
604 1694 702 1721 cnm
734 1683 910 1720 colonia
938 1683 1218 1732 popularium
1247 1683 1303 1720 ad
1330 1681 1526 1721 Atticam
1554 1683 1739 1720 navibus
1767 1683 1974 1731 appulsus
2011 1687 2091 1730 est,
2121 1694 2179 1721 ex
2226 1694 2312 1732 quo
2354 1681 2569 1731 Cecropia
2598 1695 2674 1732 ap-

437 1771 603 1819 pellata
631 1773 719 1818 est3
753 1769 948 1808 Athenae
978 1781 1140 1807 nomen
1168 1773 1322 1819 postea
1349 1770 1448 1807 urbi
1478 1770 1666 1807 inditum
1693 1773 1774 1815 est,
1805 1782 1937 1820 quum
1965 1771 2063 1816 dea,
2093 1781 2221 1821 quam
2250 1780 2308 1806 ex
2343 1767 2479 1807 Saide
2520 1770 2677 1807 attule-

438 1860 507 1896 rat
535 1854 740 1906 Cecrops,
777 1858 844 1896 ibi
886 1858 1167 1898 consedisset.
1253 1855 1325 1896 Ad
1365 1858 1557 1895 vicinam
1601 1857 1705 1894 huic
1745 1858 1922 1906 regioni
1960 1856 2178 1896 Eleusina
2217 1868 2272 1895 cx
2316 1853 2509 1902 Thracia
2548 1860 2673 1894 venit

436 1942 707 1993 Eumolpus,
749 1946 826 1995 qui
864 1945 1161 1994 principatum
1199 1949 1244 1983 et
1280 1947 1586 1992 sacerdotium,
1617 1957 1728 1996 quae
1757 1948 1882 1983 erant
1911 1946 2029 1983 inter
2070 1955 2118 1982 se
2164 1944 2426 1994 conjuncta,
2475 1945 2682 1983 instituit.

436 2030 529 2071 Sub
559 2043 720 2070 annum
750 2033 1149 2083 quingentesimum
1177 2034 1554 2072 undevicesimum
1584 2046 1623 2073 a.
1653 2032 1753 2074 Chr.
1783 2031 1985 2079 Cadmus,
2013 2030 2234 2081 Agenoris
2262 2031 2408 2079 filius,
2445 2045 2501 2071 ex
2539 2031 2681 2071 Phoe-

437 2119 538 2155 nice
568 2119 673 2156 navi
704 2118 913 2157 advectus
942 2119 992 2156 in
1020 2115 1209 2157 Boeotia
1238 2117 1475 2157 collocavit
1503 2118 1703 2165 colonos,
1724 2119 1802 2157 ubi
1830 2115 2062 2165 Cadmeam
2091 2128 2236 2157 arcem
2270 2118 2501 2158 exstruxit.
2572 2115 2681 2158 Cad-

439 2214 536 2242 mus
565 2204 749 2242 eandem
775 2205 868 2243 vim
896 2205 1029 2245 habet
1060 2208 1190 2258 atque
1221 2206 1291 2243 vir
1320 2204 1573 2252 orientalis,
1606 2201 1869 2259 Thebasque
1898 2202 2116 2243 Graeciae
2145 2205 2296 2245 urbem
2339 2206 2394 2245 ab
2423 2205 2593 2245 colonis
2623 2216 2680 2244 ex

441 2287 636 2338 Thebis,
664 2288 862 2341 Aegypti
896 2292 1032 2339 urbe,
1061 2290 1294 2342 protectis,
1322 2302 1483 2331 nomen
1512 2290 1708 2342 cepisse,
1737 2291 1978 2331 verisimile
2015 2294 2093 2330 est.
2163 2289 2239 2331 Sic
2281 2295 2429 2344 raptus
2447 2289 2673 2344 ‘Europae

435 2379 659 2426 significet
687 2378 898 2425 fortasse,
938 2391 1137 2427 magnam
1175 2380 1419 2419 incolarum
1461 2379 1788 2418 multitudinem
1826 2383 1944 2418 trans
1985 2377 2319 2429 Hellespontum
2357 2380 2584 2429 trajecisse
2627 2382 2675 2419 in

349 2494 367 2504 ἢ
432 2462 689 2513 Europam,
724 2459 836 2525 qufie
866 2475 936 2503 res
964 2466 1012 2503 in
1042 2465 1216 2531 fabulae
1246 2466 1428 2506 sormam
1458 2467 1582 2505 abiit.
1643 2465 1736 2506 Sub
1778 2468 1896 2506 idem
1935 2464 2030 2506 fere
2075 2469 2245 2516 tempus
2284 2465 2473 2506 Danaus
2501 2466 2678 2517 Aegyp-

437 2554 524 2591 tius
551 2553 737 2602 primam
767 2554 822 2591 ab
854 2550 1019 2591 Inacho
1049 2554 1278 2593 deductam
1308 2554 1527 2592 coloniam
1572 2556 1692 2593 circa
1733 2540 1993 2603 Argolidem
2032 2554 2179 2601 auxit,
2225 2554 2427 2616 idemque
2466 2567 2669 2604 magnum

439 2639 689 2678 colonorum
720 2650 947 2678 numerum
977 2639 1156 2690 trajecit
1179 2644 1224 2680 et
1252 2641 1300 2679 in
1329 2639 1479 2680 rabula
1501 2641 1797 2681 Danaidarum
1830 2641 2038 2680 nobilitas
2058 2639 2202 2680 Danai
2231 2643 2410 2691 generis
2450 2642 2673 2681 celebrata

438 2729 517 2765 est.
575 2724 671 2764 Jam
700 2729 800 2765 ante
829 2723 1076 2777 Cecropem
1104 2739 1131 2766 a
1159 2729 1384 2770 veteribus
1412 2729 1460 2768 fit
1488 2729 1654 2767 mentio
1683 2728 1731 2766 iu
1759 2726 1910 2768 Attica
1940 2725 2250 2777 Pelasgorum3
2295 2731 2386 2767 tum
2415 2729 2533 2767 enim
2563 2734 2679 2768 terra

437 2814 662 2865 appellata
690 2818 756 2852 est
784 2809 1004 2869 Κραναῖς;
1034 2818 1188 2865 postea
1218 2826 1324 2854 vero
1352 2819 1535 2867 propter
1576 2817 1819 2856 discordias
1838 2843 1850 2863 ‚
1906 2827 2018 2867 quae
2056 2792 2191 2875 fontis
2219 2828 2351 2856 causa
2394 2819 2515 2855 ortae
2559 2821 2674 2864 sunt,

435 2904 663 2952 petierunt
691 2898 912 2938 Lemnum.
968 2900 1032 2940 Et
1061 2903 1109 2939 in
1139 2901 1442 2942 Samothracia
1464 2903 1738 2942 collocarunt
1766 2904 1918 2950 sedes,
1961 2915 2048 2954 qua
2076 2904 2124 2941 in
2152 2905 2299 2942 insula
2326 2906 2533 2955 mysteria
2563 2917 2664 2943 con-

439 2990 624 3037 debant3
654 2989 849 3039 itemque
878 2988 924 3026 in
952 2987 1190 3038 Argolide,
1218 2990 1412 3032 Arcadia
1439 2994 1484 3031 et
1511 2990 1790 3032 Macedonia.
1849 2990 1903 3031 In
1931 2990 2126 3042 Corcyra
2154 3001 2326 3043 quoque
2364 2996 2410 3031 et
2445 2994 2492 3031 in
2534 2991 2669 3031 Italia

437 3071 831 3125 fuisse'dieuntu13
876 3086 960 3114 nec
987 3087 1075 3114 non
1104 3078 1295 3126 vestigia
1323 3090 1473 3117 eorum
1501 3082 1674 3118 exstant
1704 3079 1751 3117 in
1784 3077 2010 3117 Salamina
2045 3083 2091 3118 et
2119 3078 2355 3127 Chalcide,
2385 3082 2530 3129 capite
2576 3051 2673 3119 Eu·

437 3167 590 3204 boeae.
648 3163 737 3203 Sed
766 3165 821 3203 de
848 3164 1029 3226 nomine
1048 3190 1061 3211 ,
1088 3165 1264 3214 origine
1293 3176 1344 3203 ac
1372 3166 1561 3206 moribus
1591 3163 1874 3215 Pelasgorum
1902 3166 2017 3206 nihil
2044 3177 2151 3207 sane
2183 3171 2270 3214 est,
2315 3167 2430 3218 quod
2460 3167 2664 3206 historici
