2960 3702
1365 398 1438 412 ....
1499 374 1676 424 Β...

400 503 701 546 Romano‘rum
728 502 1183 543 numerolaudandus
1210 505 1277 542 est
1304 499 1464 543 Cicero
1510 482 1780 558 insecundo
1813 500 1882 541 ‘det
1917 498 2101 540 naturas
2121 502 2305 545 deorum
2337 503 2465 548 ”libro
2479 521 2497 556 ,’
2540 500 2641 560 «ιιιὸ,

402 593 513 643 quid
542 591 683 630 Stoici
711 591 767 628 de
797 590 1068 650 mythologia
1093 591 1314 629 senserint
1328 616 1341 637 ,
1370 592 1571 640 exponit.
1621 589 1857 629 Postremo
1885 589 1998 635 addo
2018 587 2271 643 historicos,
2295 600 2356 631 ex
2367 595 2528 644 ‘quibus
2543 601 2641 644 per·

405 680 584 718 multum
611 676 785 716 confert
811 677 1062 731 Herodotus
1071 689 1090 723 ,·
1114 679 1220 727 quia
1248 679 1439 716 historia
1466 678 1562 727 ejus
1591 681 1659 718 est
1687 676 1974 730 indefessi'et
2000 672 2256 727 neutiqua·
2274 679 2478 719 ‘creduut
2510 681 2646 719 histo·

402 767 507 812 rici,
537 766 614 816 qui
644 768 807 804 acriter
835 766 1029 803 animum
1058 767 1114 804 ad
1142 768 1291 804 omnia
1318 767 1530 814 intendit,
1560 765 1749 817 ipseque‘
1770 748 2010 816 permultas
2032 762 2462 815 ‘peragravit-tem·
2496 767 2644 808 -et‘ex

400 854 701 892 sacerdotibus
735 851 980 903 Aegyptiis
1005 853 1245 903 'explorata
1273 855 1528 903 comperits
1588 851 1774 893 Diodori
1820 861 1996 904 quoque
2019 848 2182 892 Siculi
2215 850 2485 892 mentionata
2525 853 2644 894 racio

402 940 586 993 ejusque
614 941 824 980 historiae
853 941 1152 988 universalis,
1180 952 1264 979 nec
1291 942 1434 979 minus
1462 937 1673 988 Dionysii
1687 937 2035 986 “Halicarnassei
2072 938 2270 992 ejusque
2286 939 2341 979 de
2371 940 2644 992 antiquitati-

402 1032 481 1069 bus
509 1029 737 1068 librorum.
795 1025 867 1067 Ne
889 1029 1138 1067 omittamus
1165 1027 1499 1077 compilatores,
1537 1033 1614 1064 eos
1649 1023 1751 1062 dico
1780 1027 2001 1073 auctores,
2031 1025 2121 1076 qui.
2139 1035 2197 1064 ex
2232 1025 2395 1069 litteris
2411 1027 2643 1079 ,antiquio-

404 1128 500 1156 rum
532 1120 578 1156 et
605 1127 662 1155 ex
689 1116 783 1157 suis
811 1116 1047 1155 sententiis
1075 1116 1235 1164 partim
1263 1115 1318 1153 de
1347 1115 1478 1153 rebus
1507 1111 1830 1163 antiquioribus
1857 1113 2017 1162 partim
2045 1113 2100 1151 «le
2129 1111 2397 1163 mythologia
2415 1108 2643 1153 'nosed‘o-

407 1205 509 1241 cent
539 1180 938 1252 compilationibus.
993 1197 1164 1239 Refero
1194 1198 1534 1238 Pausaniam‘in
1564 1199 1865 1249 descriptione
1892 1196 2126 1248 Graeciae,
2155 1209 2282 1252 qnam
2312 1198 2644 1250 ipse'peragra·

404 1290 502 1337 vit,
524 1291 570 1328 et
587 1287 906 1339 Apollodorum
934 1287 983 1324 in
1013 1285 1282 1325 bibliotheca
1308 1295 1403 1325 sua.
1459 1284 1635 1327 Plinius
1666 1290 1840 1339 quoque
1868 1289 1975 1331 natu
2003 1286 2144 1338 maJor
2169 1287 2224 1326 in*
2248 1286 2640 1327 historia'nat'urali

405 1380 460 1417 de
490 1377 706 1426 religione
734 1373 1004 1413 Graecorum
1032 1378 1078 1414 et
1106 1372 1424 1422 Romanorum,
1455 1375 1510 1412 de
1537 1375 1811 1425 mythologia
1845 1378 1891 1422 et
1916 1372 2162 1427 symbolica
2196 1375 2509 1426 descriptione
2534 1376 2640 1414 'deo-

401 1477 496 1504 rum
527 1464 802 1515 antiquitatis
831 1465 982 1512 gravis
1011 1466 1164 1502 auctor
1191 1467 1270 1503 est.
1327 1461 1454 1503 Adde
1483 1464 1677 1513 denique
1704 1462 1930 1505 Macrobii
1972 1447 2640 1512 Satumalia'et'sunumny-

401 1556 551 1602 ginmn
580 1556 627 1592 et
655 1556 829 1591 ceteros
858 1565 948 1590 nna
974 1564 1072 1590 cum
1099 1550 1284 1601 Hygino
1311 1550 1521 1588 collectos
1539 1550 1876 1600 mytbo'graphos
1903 1548 2192 1589 Latinorum:
2233 1545 2643 1599 Reipiciendisnnt

401 1639 690 1681 Grammatici
711 1630 891 1691 'quoque
920 1642 966 1680 et
993 1639 1277 1687 scholiastae,
1318 1649 1502 1690 quorum
1530 1637 1680 1688 plures
1707 1641 1812 1679 sunt
1847 1639 1982 1680 etiam
2022 1637 2252 1679 uberiores
2275 1634 2460 1686 fontes,
2517 1648 2645 1689 quara

401 1732 599 1769 auctores
630 1728 734 1778 ipsi,
764 1737 958 1778 quorum.
975 1727 1144 1776 scripta
1170 1725 1501 1776 interpretando
1531 1725 1845 1776 explanabant,
1869 1728 1919 1766 ut
1946 1723 2145 1774 Servius,
2173 1721 2362 1775 Virgilii
2393 1701 2644 1765 scholiasta,

405 1816 480 1867 qui
509 1825 662 1866 parem
688 1811 891 1863 Virgilio
919 1813 1165 1854 doctrinam
1194 1813 1243 1851 in
1272 1811 1601 1863 interpretando
1630 1803 1839 1861 exhibet,
1871 1811 1926 1852 de
1955 1810 2224 1864 mythologla
2251 1820 2356 1851 vero
2385 1821 2447 1850 ac‘
2464 1808 2644 1861 religio-

405 1913 462 1940 ne
490 1900 627 1940 multo
655 1898 834 1951 majoris
862 1900 1070 1940 momenti
1100 1902 1180 1947 est,
1209 1911 1337 1951 qnam
1365 1900 1462 1950 ipse
1492 1880 1725 1948 Virgilius.
1764 1898 1844 1940 Sic
1871 1901 1917 1939 et
1945 1894 2158 1950 Hesychii
2199 1900 2245 1938 et
2289 1894 2455 1939 Saldae
2498 1897 2646 1938 lexica

402 1987 586 2027 multum
615 1985 847 2027 conferunt
875 1987 930 2025 ad
959 1985 1326 2033 intelligendum·
1369 1983 1444 2025 Ex
1472 1982 1691 2025 Romanis
1731 1983 1878 2026 Varro
1912 1984 2174 2036 permultum
2215 1983 2335 2025 valet
2374 1987 2419 2024 et
2447 1981 2644 2034 Servius,

403 2075 480 2127 qui
511 2075 666 2127 quarto
693 2071 872 2114 saeculo
909 2083 951 2123 p.
977 2068 1079 2114 chr.
1103 2071 1296 2120 vivebat,
1326 2082 1414 2124 quo
1443 2071 1584 2112 adhuc
1611 2074 1809 2124 tempore
1854 2083 2004 2113 omnes
2041 2070 2442 2125 antiquissimorum
2475 2072 2642 2124 tempo-

405 2173 497 2201 rum
515 2162 707 2203 thesauri
723 2161 946 2213 patebant·
1007 2156 1140 2204 Quod
1160 2158 1214 2197 ad
1227 2157 1517 2208 intelligenda
1544 2155 1734 2209 Virgilii
1764 2159 1959 2199 carmina
1985 2157 2158 2200 confert
2183 2154 2384 2208 Servius,
2408 2138 2526 2199 idem
2555 2158 2648 2201 fere

406 2222 665 2290 Eustathius
693 2249 746 2288 ad
773 2246 1040 2294 Homerum,
1077 2243 1206 2296 quus
1245 2244 1442 2285 carmina
1483 2247 1797 2287 commentario
1839 2246 2112 2298 explanavit.
2195 2243 2367 2288 Afferre
2413 2246 2522 2287 mihi
2558 2258 2647 2288 non

404 2336 614 2387 displicet
642 2336 814 2372 minora
844 2320 898 2372 ad
928 2333 1166 2373 Homerum
1193 2334 1376 2382 scholia,
1406 2335 1461 2372 ad
1491 2335 1697 2384 tragicos,
1728 2332 1981 2385 Pindarum,
2008 2332 2369 2385 Aristophanem,
2427 2334 2480 2373 ad
2509 2333 2645 2385 Apol-

401 2399 516 2462 lonii
546 2420 721 2462 Rhodii
751 2420 1076 2471 Argonautica,
1106 2427 1152 2462 et
1181 2423 1538 2462 commentarium
1580 2421 1765 2462 Ioannis
1808 2418 1988 2460 Tzetzis
2031 2422 2087 2460 ad
2134 2418 2440 2472 Lycophronis
2484 2424 2645 2472 tragici

400 2510 703 2551 Cassandram.
760 2508 891 2548 Haud
919 2520 1062 2558 pauca
1103 2510 1380 2549 contulerunt
1409 2511 1464 2549 ad
1500 2510 1812 2561 mythologiam
1855 2511 2084 2551 christiani
2113 2510 2351 2550 adversarii
2379 2508 2646 2551 Graecarum

404 2599 657 2638 fabularum.
720 2596 874 2636 Patres
903 2597 1023 2645 enim
1051 2597 1314 2635 christianae
1342 2596 1577 2646 religionis
1607 2609 1696 2637 non
1724 2600 1976 2648 potuerunt,
2005 2599 2112 2648 quin
2141 2596 2312 2637 fabulas
2341 2600 2547 2649 quasdam
2593 2611 2644 2637 ac

403 2688 603 2727 solennia
632 2686 932 2731 admitterent,
962 2695 1092 2735 quum
1122 2683 1336 2722 idolorum
1364 2683 1530 2724 cultum
1560 2688 1879 2735 oppugnarent.
1936 2682 2007 2740 ⁶In
2048 2684 2142 2733 his,
2190 2695 2301 2738 quos
2343 2685 2644 2744 respiciamus,

404 2775 643 2824 praecipue
672 2772 796 2821 digni
825 2773 941 2817 sunt,
970 2767 1195 2810 Eusebius
1226 2771 1273 2810 in
1301 2773 1638 2822 praeparatione
1679 2772 1940 2822 evangelica
1976 2775 2022 2812 et
2059 2769 2263 2813 Clemens
2304 2770 2644 2815 Alexandrinus·

401 2858 653 2900 Recentior
682 2870 853 2909 quoque
882 2859 1004 2909 aetas
1034 2857 1204 2908 aliquot
1232 2859 1356 2897 nobis
1387 2859 1559 2908 aperuit
1601 2856 1758 2905 fontes,
1786 2870 1869 2899 nec
1897 2859 2217 2898 contemnenda
2242 2860 2358 2905 sunt,
2387 2871 2498 2909 quae
2517 2862 2646 2902 multi

403 2949 761 2999 peregrinatores
800 2946 929 2984 nobis
957 2945 1248 2993 tradiderunt,
1277 2948 1366 2985 nec
1386 2946 1567 2999 scripta,
1596 2948 1754 2999 quibus
1782 2949 1836 2990 ‹le
1867 2946 2190 3000 Aegyptiorum
2218 2945 2437 2998 religione
2461 2951 2506 2989 et
2523 2950 2643 3000 prin·

403 3038 581 3087 cipibus
594 3035 730 3077 Asiae
761 3032 1028 3087 Africaeque
1059 3034 1264 3083 gentibus
1293 3034 1539 3076 edocemur.
1569 3034 1767 3077 Alterum
1797 3035 1985 3081 fontium
2014 3038 2147 3085 caput
2175 3035 2479 3087 complectitur
2507 3042 2644 3086 opera

404 3125 512 3165 artis
539 3124 766 3175 plasticae,
797 3124 845 3163 ut
873 3120 1262 3168 architectonicen,
1289 3118 1567 3172 sculpturam,
1595 3124 1773 3171 statuas,
1803 3121 1974 3173 lapides
2001 3119 2190 3173 scalptos
2224 3122 2320 3163 sive
2349 3120 2543 3170 incisos,
2575 3124 2640 3161 to-

401 3215 620 3261 reumata,
663 3222 841 3262 numos‚
881 3221 1011 3253 urnas
1040 3214 1086 3253 et
1113 3210 1330 3263 sepulcra,
1358 3212 1557 3264 antiquas
1585 3212 1778 3263 picturas
1807 3212 1853 3251 et
1880 3218 2016 3261 opera
2043 3211 2225 3253 musiva.
2294 3208 2371 3257 Ex
2399 3209 2467 3250 liis
2495 3212 2640 3263 potio·
