2960 3702
371 1237 566 1340 Quum
596 1288 644 1326 in
674 1257 897 1336 omnibus,
925 1300 1037 1339 quae
1069 1290 1122 1328 ad
1152 1288 1459 1340 antiquitatem
1486 1288 1730 1337 pertinent,
1767 1287 1922 1327 studiis
1950 1286 2086 1333 multa
2112 1287 2229 1334 sint,
2273 1298 2385 1338 quae
2429 1288 2484 1325 ad
2525 1286 2599 1323 in·

363 1375 539 1422 genium
567 1377 691 1414 varia
718 1387 862 1414 rerum
891 1377 1091 1415 doctrina
1121 1377 1400 1415 imbuendum
1442 1377 1488 1414 et
1515 1376 1572 1415 ad
1598 1374 1881 1414 humanitatis
1915 1384 2087 1413 sensum
2126 1373 2409 1413 excitandum
2438 1369 2589 1412 conre-

362 1465 479 1501 rant:
508 1466 597 1502 tum
627 1464 674 1501 in
705 1475 781 1511 ea,
810 1475 921 1514 quae
949 1465 1004 1504 ad
1032 1463 1345 1516 mythologiam
1372 1463 1569 1513 spectat,
1608 1464 1734 1511 parte
1770 1471 1858 1500 non
1895 1470 2037 1511 pauca
2063 1461 2367 1510 reperiuntur,
2412 1460 2587 1510 quibus,

361 1560 470 1600 quae
499 1550 546 1587 in
577 1550 734 1589 animis
753 1549 968 1599 juvenum
996 1551 1157 1599 latent,
1185 1552 1356 1590 semina
1381 1551 1479 1589 veri
1507 1553 1554 1589 et
1581 1549 1727 1599 pulcri
1755 1548 1861 1587 elici
1896 1547 2065 1598 possint
2094 1550 2140 1585 et
2181 1548 2236 1586 ad
2274 1547 2434 1585 laetam
2463 1547 2594 1585 educi

362 1637 615 1674 ubertatem.
665 1634 945 1685 Quapropter
976 1638 1023 1676 in
1051 1637 1133 1676 hae
1160 1641 1285 1689 parte
1313 1638 1623 1677 elaborandum
1651 1637 1757 1676 mihi
1790 1647 1841 1675 ac
1869 1647 1951 1686 pro
1978 1635 2148 1674 viribus
2183 1634 2436 1673 enitendum
2465 1637 2592 1684 puta-

361 1724 432 1768 vi,
462 1707 510 1761 ut
540 1725 586 1760 in
616 1735 769 1772 campo
798 1725 995 1774 quamvis
1025 1730 1206 1774 angusto
1235 1730 1281 1764 et
1310 1727 1441 1766 arctis
1469 1727 1630 1765 finibus
1658 1725 1989 1775 circumscripto
2024 1734 2185 1774 paucas
2222 1726 2391 1778 tantuin
2442 1723 2589 1771 spicas

361 1810 575 1857 legerem,
607 1821 787 1849 messem
816 1812 873 1849 iis
900 1812 1156 1862 relinquens
1185 1815 1454 1859 uberiorem,
1486 1815 1559 1864 qui
1590 1817 1637 1852 et
1664 1814 1871 1852 diuturno
1899 1823 2044 1852 rerum
2072 1822 2154 1852 usu
2187 1812 2327 1859 magis
2357 1808 2595 1850 exercitati

364 1897 630 1947 ingenioque
662 1898 910 1937 sollertiore
941 1901 1140 1939 exornati
1170 1901 1226 1939 ad
1253 1901 1364 1938 hanc
1393 1912 1485 1939 rem
1517 1901 1740 1940 accedant.

530 1982 782 2024 Generatim
812 1989 941 2037 atque
970 1986 1173 2025 universe
1203 1987 1258 2026 de
1286 1985 1556 2037 mythologia
1589 1988 1802 2026 disserere
1851 1987 2061 2037 quaedam
2098 1989 2143 2024 et
2182 1987 2229 2023 in
2270 1986 2340 2024 his
2382 1986 2586 2035 primum,

360 2073 465 2122 quid
493 2082 648 2112 causae
678 2071 838 2120 fuerit,
866 2084 944 2112 cur
972 2073 1207 2124 pleraeque
1237 2073 1509 2124 antiquitatis
1545 2076 1698 2122 gentes
1726 2074 1781 2113 ad
1821 2073 1978 2111 multos
2014 2073 2120 2111 deos
2161 2072 2365 2112 colendos
2405 2074 2460 2110 ab
2490 2081 2581 2109 uno

358 2161 537 2198 numine
566 2160 813 2199 venerando
842 2158 1109 2208 defecerint,
1140 2159 1404 2211 adjumentis
1433 2161 1620 2200 modicis
1649 2162 1826 2213 quidem
1856 2163 2112 2205 instructus,
2140 2161 2218 2199 sed
2247 2160 2414 2208 optimo
2445 2160 2592 2198 consi-

359 2249 448 2295 lio,
477 2250 629 2298 paucis
658 2249 804 2287 verbis
833 2260 1053 2298 exponere
1085 2251 1306 2295 conabor,
1336 2250 1586 2300 priusquam
1617 2250 1672 2287 ad
1709 2247 1962 2298 Apollinem
1993 2247 2173 2299 ejusque
2203 2248 2400 2298 symbola
2431 2249 2580 2296 parvis

359 2336 481 2383 quasi
511 2336 789 2374 lineamentis
819 2336 1112 2374 adumbranda
1140 2340 1369 2376 transeam.

525 2418 638 2459 Sunt
660 2422 807 2469 plures
829 2421 958 2470 hujus
986 2421 1247 2461 desectionis
1276 2432 1448 2469 causae,
1478 2433 1658 2474 quarum
1679 2424 1864 2472 primam
1893 2434 1987 2462 esse
2016 2423 2210 2472 symbola
2238 2433 2325 2460 non
2354 2422 2457 2459 satis
2486 2431 2589 2469 per·

357 2510 506 2558 specta
531 2507 646 2546 haud
677 2508 905 2559 quisquam
934 2508 1186 2557 negaverit3
1215 2520 1314 2548 nam
1344 2510 1643 2550 veliementior
1671 2512 1906 2563 quaedam,
1950 2510 2075 2560 cnjus
2121 2512 2216 2558 ipse
2254 2508 2475 2549 desiderat
2514 2510 2582 2547 in-

357 2598 610 2645 terpretem,
641 2595 813 2633 interna
841 2595 1029 2635 hominis
1059 2596 1267 2646 impulsio
1296 2598 1350 2636 ad
1380 2608 1434 2635 ea
1460 2598 1599 2646 signis
1629 2597 1885 2647 quibusdam
1912 2595 2145 2634 luculentis
2174 2596 2444 2642 illustranda,
2474 2608 2587 2646 quae

357 2683 543 2734 animus⁴
563 2681 775 2730 singulari
799 2670 1080 2730 'amplectitur
1108 2683 1393 2722 veneratione
1409 2710 1422 2729 ,
1459 2686 1611 2721 auctor
1638 2682 1724 2722 fuit
1750 2683 2040 2733 symbolorum
2085 2686 2251 2737 tantum
2292 2662 2383 2721 non
2424 2686 2589 2734 ubique

356 2772 628 2822 praecipuus.
669 2768 811 2815 'Quae
850 2769 1045 2820 symbola
1082 2757 1156 2820 qui
1197 2770 1465 2819 cogitatione
1494 2770 1661 2819 primus
1689 2770 1828 2816 linxit,
1856 2780 2006 2808 eorum
2035 2771 2125 2808 vim
2144 2781 2198 2809 ac
2215 2766 2585 2820 significationen

357 2869 465 2909 pure
494 2858 750 2909 integreque
777 2857 989 2908 servavit3
1019 2841 1124 2908 quid
1153 2857 1384 2898 interesset
1411 2856 1529 2909 inter
1554 2856 1797 2907 symbolum
1827 2856 2007 2908 ejusque
2035 2857 2153 2904 rim,
2194 2860 2241 2897 et
2270 2869 2396 2909 quam
2426 2869 2582 2908 pann

357 2946 528 2995 signum
558 2944 755 2984 infinitae
785 2943 870 2984 Dei
900 2947 1080 2982 naturae
1109 2945 1390 2991 conveniret,
1418 2945 1608 2983 nondum
1637 2945 1867 2993 ignoravit.
1924 2942 1986 2984 At
2014 2955 2090 2983 ore
2111 2947 2357 2994 posteritati
2375 2946 2586 3000 traditura

354 3012 487 3083 longe
516 3030 638 3071 aliud
664 3031 854 3070 evasisse
881 3031 1055 3081 signnm
1083 3030 1198 3082 apud
1227 3018 1316 3079 eos,
1344 3030 1424 3081 qui
1453 3034 1727 3081 acceperant,
1772 3042 1862 3070 non
1890 3032 2061 3070 mirum.
2125 3030 2197 3070 Eo
2238 3031 2418 3076 facilius
2468 3034 2582 3072 haee

354 3120 618 3170 permutatio
646 3122 737 3160 tun
763 3121 989 3169 sequetur,
1012 3129 1145 3170 quum
1173 3119 1403 3160 universus
1431 3118 1618 3170 populns
1657 3119 1945 3160 deliberando
1981 3132 2115 3160 unum
2162 3120 2368 3172 idemque
2402 3122 2582 3171 insigne

2266 3193 2331 3237 ·1
