2960 3702
1258 362 1306 371 —
1373 335 1443 385 33
1509 361 1573 398 ·.··

297 448 505 510 ὲξορὺξας
534 451 637 505 τοὺς
662 451 835 511 νεκροὺς
860 454 1095 515 μςτεφόρεε
1123 455 1165 508 ἐς
1200 454 1339 500 ἄλλον
1365 458 1513 514 χῶρον
1541 458 1616 516 τῆς
1644 453 1815 515 Δήλου.
1874 459 2166 501 Athenienses
2195 464 2340 502 auten
2355 461 2508 511 expia-

295 546 399 581 runt
426 545 672 582 universam
702 550 746 584 et
770 547 909 595 legem
937 547 1155 595 tulerunt,
1183 559 1239 585 ne
1267 547 1365 598 quis
1394 547 1442 584 iu
1471 560 1526 585 ea
1554 552 1823 599 nasceretur,
1868 554 2109 590 moreretur
2137 554 2211 589 aut
2238 550 2520 601 sepeliret-r,

298 632 515 678 assignata
542 610 749 671 Rheneia
791 636 904 674 Delo
951 637 1101 673 vicina
1140 635 1307 681 insula,
1350 638 1397 672 in
1432 647 1518 684 qua
1556 634 1774 673 defunctis
1811 635 1930 683 justa
1971 638 2219 684 persolvere
2255 638 2422 675 liceret.
2454 635 2512 674 cs.

300 714 546 769 Thucydid.
590 719 666 760 lib.
708 720 790 761 111.
837 721 956 761 Hinc
986 723 1099 772 apud
1136 720 1412 763 Plutarchum
1454 723 1499 760 in
1545 719 1780 760 Laconicis
1820 725 1942 761 acute
1974 720 2207 763 Pausanias
2237 722 2389 763 Delios
2418 735 2516 762 cum

296 804 651 847 Atheniensibus
677 809 732 847 de
761 808 864 859 ,iure
906 808 1075 846 insulae
1105 807 1396 858 disceptantes
1425 812 1471 847 et
1498 812 1761 855 asserentes,
1801 809 1899 858 lege
1928 811 2098 847 cautum
2126 820 2246 856 esse,
2293 812 2339 847 ut
2368 820 2511 861 neque

294 901 497 941 parerent
526 897 571 933 in
601 876 655 934 ea
683 897 904 943 mulieres,
934 908 1076 946 neque
1107 897 1264 934 mortui
1292 896 1604 944 sepelirentur,
1634 897 1716 935 hoc
1747 898 1866 935 dicto
1897 899 2126 945 repressit:
2157 891 2257 943 Πῶς
2286 885 2363 936 οὖν
2394 890 2510 949 αὕτη

297 982 456 1036 πατρὶς
485 977 607 1038 ὑμῶν
627 975 708 1038 εἴη,
737 979 780 1024 ἐν
811 975 839 1038 ᾖ
866 976 967 1024 οὔτε
995 980 1138 1036 γέγονέ
1171 993 1234 1030 τις
1265 977 1410 1039 ὑμῶν,
1441 974 1529 1023 οὔτ’
1563 974 1712 1028 goram
1742 980 2000 1022 Redeuntes
2030 986 2173 1021 autem
2189 977 2385 1035 θεωροὺς
2413 986 2508 1021 sive

295 1070 462 1119 legatos
493 1071 678 1120 populus
718 1072 833 1111 laeto
864 1084 1097 1119 concursu,
1147 1074 1345 1112 omnibus
1376 1071 1573 1110 certatim
1612 1071 1724 1108 ostia
1764 1070 2080 1119 pandentibus,
2120 1069 2332 1113 salutabat
2378 1073 2506 1124 atque

301 1160 565 1210 excipiebat.

466 1246 555 1286 Sed
581 1258 679 1285 cum
703 1247 803 1285 finis
831 1249 890 1285 sit
918 1248 1144 1287 faciendus
1173 1248 1414 1293 scribendi,
1454 1256 1607 1295 meque
1650 1254 1739 1281 non
1768 1247 1853 1282 tam
1884 1244 1994 1283 illud
2039 1245 2182 1291 egisse
2212 1244 2440 1291 profitear,
2473 1247 2519 1281 ut

297 1348 411 1376 nova
437 1334 678 1387 proferrem
707 1336 754 1374 in
785 1334 998 1383 medium,
1027 1347 1155 1387 quam
1184 1338 1231 1374 ut
1259 1333 1477 1372 delectum
1506 1331 1755 1371 adhiberem
1784 1330 1839 1369 ad
1867 1342 1941 1377 ea,
1981 1342 2092 1382 quae
2123 1331 2209 1368 viri
2238 1329 2357 1369 docti
2387 1343 2518 1383 quum

297 1430 467 1466 veteres
492 1430 584 1466 tum
611 1427 878 1465 recentiores
907 1425 1181 1464 comentati
1211 1425 1373 1469 essent,
1402 1421 1618 1471 reliquum
1645 1423 1735 1467 est,
1766 1422 1812 1458 ut
1848 1419 1965 1457 laeto
2003 1420 2148 1457 officio
2185 1418 2452 1459 satisfaciam
2472 1423 2517 1459 et

297 1516 495 1555 solennia
523 1516 712 1554 indicam
741 1513 1054 1568 anniversaria,
1083 1513 1138 1550 ad
1180 1522 1293 1562 quae
1325 1511 1409 1549 rite
1428 1508 1703 1554 celebranda,
1742 1511 1788 1546 ut
1824 1517 1916 1553 νος,
1957 1507 2269 1556 discipulorum
2297 1513 2515 1557 parentes,

299 1603 508 1643 Proceres
535 1602 664 1653 hujus
693 1604 811 1641 urbis
841 1601 1119 1651 amplissimi,
1156 1603 1202 1640 et
1230 1576 1476 1651 quicunque
1511 1595 1737 1635 literarum
1773 1595 1889 1633 ludis
1935 1594 2092 1634 favetis
2132 1600 2329 1646 artesque
2378 1597 2514 1634 bonas

301 1695 469 1741 colitis,
511 1704 639 1745 quam
676 1689 1018 1743 frequentissimi
1053 1699 1265 1739 quamque
1305 1686 1609 1735 benignissimi
1646 1685 1919 1724 conveniatis
1961 1687 2006 1723 et
2034 1687 2178 1724 actum
2212 1683 2516 1724 scholasticum

301 1782 548 1833 praesentia
575 1782 717 1820 vestra
744 1778 974 1824 decoretis,
1002 1788 1069 1824 ea,
1097 1787 1183 1826 qua
1209 1785 1289 1825 par
1318 1777 1407 1822 est,
1436 1773 1712 1813 observantia
1739 1783 1847 1821 rogo
1876 1776 1921 1811 et
1949 1782 2042 1810 oro.

460 3068 654 3103 Errata.
697 3059 783 3114 Pag-
810 3069 846 3104 3.
869 3069 966 3113 lege:
993 3054 1138 3118 θυμόν
1161 3073 1197 3103 et
1213 3055 1371 3120 θυμός.
1390 3086 1437 3095 -
1459 3068 1540 3113 Pag.
1565 3067 1599 3102 3.
1623 3064 1726 3099 verba
1750 3063 1775 3096 1.
1800 3060 1916 3096 verba.
1940 3078 1987 3087 -—
2011 3059 2096 3104 Pag.
2123 3068 2179 3103 19.
2205 3059 2230 3094 L
2264 3068 2299 3095 α.
2317 3058 2520 3103 Apollinem

302 3133 328 3168 l.
353 3132 564 3180 Apollinem.
588 3150 634 3159 —-
656 3133 740 3178 Peg.
767 3141 821 3176 19.
842 3132 868 3167 1.
891 3131 927 3167 6.
950 3130 1112 3165 deleatur
1135 3130 1267 3176 nyuaba
1291 3131 1374 3165 dis.
1886 3170 1894 3176 ,

440 3213 442 3215 >
469 3197 646 3241 Reliquis,
668 3206 758 3241 quac
781 3196 827 3232 ad
840 3195 1162 3240 interpunctionem
1185 3200 1223 3229 et
1245 3200 1412 3230 accentus
1434 3197 1604 3239 spectant,
1628 3183 1764 3225 veniam
1790 3185 1888 3223 dabit
1910 3184 2051 3221 lectoria
2074 3183 2308 3225 indulgentia.
