2960 3702
1298 363 1362 375 ...
1428 337 1467 386 2
1533 361 1598 376 ...
1679 322 1681 325 ’

327 469 577 524 symbolum
605 469 653 507 in
679 463 932 505 memoriam
974 461 1064 504 Dei
1091 463 1296 514 accipere
1325 437 1615 503 constituerit}
1673 434 1965 523 Succresceus
1989 467 2225 513 progenies
2244 465 2340 518 ju„
2365 480 2392 509 ι
2419 470 2561 520 prima

329 560 527 613 pueritia
552 558 725 607 signum
753 553 922 603 spectat
950 551 1082 600 atque
1110 552 1315 600 parentes
1352 560 1518 590 summa
1544 562 1644 591 cum
1685 552 1855 602 pietate
1902 549 2014 590 illud
2051 556 2313 595 venerantes
2352 556 2560 596 intuetur,

329 647 553 699 Exemplo
591 647 638 685 et
682 641 829 683 verbis
860 638 914 678 ad
941 637 1256 677 verecundiam
1294 637 1512 679 adducunt
1548 642 1753 691 parentes
1791 637 2029 688 infantem3
2084 650 2197 691 quae
2238 651 2321 681 cur
2348 643 2412 682 ita
2439 643 2558 692 nant,

328 748 461 791 quum
488 732 636 775 infans
662 741 753 787 non
782 725 1022 776 intelligat,
1050 714 1327 765 monstrando
1355 728 1483 778 signo
1512 731 1561 768 ut
1588 728 1832 778 intelligat,
1886 726 2063 768 efficere
2101 730 2315 771 conantur
2341 715 2560 780 pau-entes,

333 825 429 866 Hac
457 823 633 863 ratione
655 828 759 859 mox
782 818 875 856 tota
901 814 1141 864 progenies
1167 815 1342 863 signum
1386 828 1485 855 cum
1523 816 1622 857 Deo
1650 817 1964 856 commiscebit.
2031 812 2203 855 Eodem
2236 817 2366 855 modo
2408 804 2563 866 genie,

331 915 447 952 aliae
477 910 568 949 alia
596 904 868 947 confundunt
895 904 1037 951 signa,
1066 904 1111 940 et
1139 887 1293 951 postea
1321 914 1401 951 pro
1430 905 1571 942 tribus
1597 905 1737 952 signis
1765 905 1870 944 deos
1898 906 1989 943 tres
2018 901 2288 950 invenimus,
2329 904 2404 954 qui
2442 908 2563 944 arcta

274 999 276 1001 ’
326 997 658 1051 propinquitate
687 995 808 1031 inter
834 1001 883 1029 se
913 988 1138 1039 conjuncti
1165 992 1267 1027 sunt
1296 992 1370 1027 aut
1407 989 1627 1029 hostiliter
1653 990 1742 1028 sibi
1782 992 2066 1029 adversantur
2103 1001 2185 1039 pro
2222 992 2561 1039 necessitudine,

326 1100 439 1142 quae
470 1082 707 1125 intercedit
734 1080 852 1119 inter
880 1076 1091 1128 populos;
1132 1088 1350 1129 quumque
1378 1080 1444 1117 tot
1471 1077 1672 1117 nationes
1699 1077 1927 1128 migrando
1955 1077 2042 1116 sibi
2058 1081 2351 1126 occurrerent,
2380 1081 2426 1118 et
2438 1088 2563 1119 suum

325 1185 528 1228 quaeque
557 1170 679 1210 natio
708 1167 838 1206 deum
863 1174 1011 1203 secum
1041 1165 1239 1209 afferret,
1293 1164 1472 1203 deorum
1515 1174 1722 1202 numerus
1774 1165 2015 1214 augebatur
2033 1190 2047 1211 ,
2075 1174 2250 1216 unaque
2279 1175 2386 1213 gens
2429 1176 2563 1204 mmm

323 1264 601 1311 eundemque
629 1259 759 1297 deum
787 1252 921 1290 variis
949 1251 1090 1298 sig-nis
1118 1261 1171 1288 ac
1199 1251 1450 1290 nominibus
1461 1255 1657 1291 notatum
1684 1230 1920 1292 adferebat.
1977 1251 2235 1293 Commixtis
2264 1253 2402 1300 igitur
2423 1264 2559 1302 popu·

322 1355 380 1393 lis
396 1378 408 1397 ‚
438 1351 618 1388 deorum
647 1353 818 1395 quoque
847 1338 1027 1378 nomina
1055 1340 1463 1386 commiscebantur,
1492 1340 1608 1378 unde
1649 1340 1831 1378 alteram
1862 1339 2177 1390 Polytheismi,
2220 1351 2349 1390 quem
2390 1345 2563 1387 vocant,

323 1447 498 1478 causam
526 1430 771 1484 protectam
799 1436 897 1466 esse
922 1426 1043 1475 puto.
1099 1422 1205 1472 Sed,
1234 1433 1341 1475 quas
1369 1426 1577 1474 proposui
1606 1435 1772 1472 causas,
1800 1437 1882 1464 eae
1909 1437 1999 1465 non
2026 1424 2203 1466 fuerunt
2230 1424 2366 1467 solae.
2393 1424 2435 1466 A
2458 1437 2565 1466 cou-

324 1523 587 1568 formatione
617 1527 792 1571 quoque
822 1511 1051 1554 moralium
1077 1511 1287 1550 virtutum
1316 1510 1446 1550 unius
1479 1509 1766 1563 ejusdemque
1810 1511 2002 1551 numinis
2047 1514 2200 1552 auctus
2251 1511 2433 1551 deorum
2474 1525 2563 1554 nn·

326 1619 472 1652 merus
501 1608 719 1657 originem
745 1603 932 1642 traxisse
963 1599 1152 1646 videtur,
1168 1600 1230 1638 ,ut
1258 1599 1313 1636 ab
1343 1596 1591 1648 Aphrodite
1620 1596 1803 1637 Gratiae
1830 1582 2134 1648 sejunguntur,
2161 1601 2209 1638 et
2234 1608 2295 1637 ex
2336 1600 2467 1638 rebus
2489 1600 2563 1640 ad-

323 1698 501 1741 tributis
530 1695 710 1735 dearum
731 1689 913 1730 comites
940 1686 1064 1727 fiunt.
1120 1663 1192 1726 Ab
1218 1683 1415 1725 Homero
1443 1685 1621 1737 quidem
1649 1695 1740 1724 una
1766 1684 2062 1724 tantummodo
2091 1686 2382 1737 memoratu13
2412 1687 2473 1725 al>⁴
2488 1697 2563 1726 an·

325 1784 588 1839 tiquissimis
616 1778 846 1832 Spartanis
874 1776 989 1816 duae
1016 1773 1162 1813 cultae
1190 1771 1326 1813 fuisse
1354 1773 1562 1813 dicuntur
1572 1787 1585 1821 3
1635 1772 1748 1823 apud
1785 1770 2026 1812 Hesiodum
2054 1781 2169 1812 vers.
2207 1778 2288 1813 909
2335 1768 2564 1823 Theogon,

317 1876 415 1925 jam
429 1876 518 1912 tres
532 1869 752 1914 invenies,
779 1863 999 1914 Aglaum,
1026 1860 1351 1913 Euphrosynen
1381 1866 1427 1902 et
1457 1858 1675 1923 Thaliam,
1704 1866 1751 1901 ut
1779 1857 2173 1908 nostrateifflicunt,
2203 1855 2335 1908 Reiz,
2366 1857 2565 1901 Eremm-

324 1961 517 2001 lichkeit
533 1959 620 1998 und
640 1954 816 1995 Blnthe.
844 1950 914 1991 Ita
932 1959 1064 1999 porro
1095 1949 1143 1987 in
1172 1946 1365 1987 Palladis
1393 1946 1542 1988 sabula
1568 1957 1639 1987 res
1668 1948 1888 1988 adtributa
1914 1938 2216 1997 ‘cognosciturz
2260 1957 2319 1986 ex
2345 1945 2472 1987 Iovis
2495 1959 2567 1987 ca·

322 2050 417 2099 pite
447 2047 589 2085 oritur
616 2041 849 2085 Minerva,
874 2037 1123 2087 sapientiae
1151 2036 1249 2082 dea,
1277 2037 1355 2073 ubi
1384 2036 1541 2073 summi
1569 2035 1642 2072 dei
1672 2035 1936 2082 sapientiam
1963 2034 2153 2072 hnmana
2177 2034 2331 2082 speeie
2367 2034 2563 2072 indutam

324 2146 421 2173 esse
452 2134 646 2182 apparet.
705 2126 919 2172 Quartam
946 2124 1018 2163 his
1047 2124 1157 2160 adde
1186 2132 1360 2162 causam
1377 2149 1389 2167 ‚
1431 2122 1547 2171 quod
1574 2121 1629 2159 ad
1658 2121 1878 2168 originem
1905 2132 2051 2159 rerum
2079 2102 2387 2170 explicandam
2414 2121 2565 2169 plures

325 2222 514 2262 morales
543 2221 619 2258 aut
646 2214 868 2255 naturales
898 2211 1154 2262 conjunctas
1181 2208 1321 2249 ruisse
1350 2210 1469 2247 vires
1497 2209 1722 2258 putabant,
1751 2220 1838 2259 qua
1863 2209 1911 2247 in
1939 2219 1989 2247 re
2015 2208 2194 2247 tertium
2221 2208 2437 2259 quoddam
2466 2209 2568 2249 illas

328 2310 591 2351 consocians
618 2303 834 2356 procedit,
864 2300 937 2339 vel
965 2299 1219 2339 alterutrum
1248 2297 1395 2347 potius
1425 2298 1505 2344 est,
1536 2296 1599 2334 ita
1629 2299 1677 2335 ut
1710 2296 1891 2336 divinae
1927 2298 2110 2336 naturae
2147 2288 2362 2336 unitatem
2397 2296 2563 2337 intelli·

325 2411 415 2450 gas.
475 2396 557 2438 Sic
587 2393 703 2445 apud
730 2389 971 2432 Hesiodum
999 2386 1202 2426 doctrina
1231 2385 1286 2425 de
1315 2385 1444 2424 rebus
1473 2383 1735 2424 coelestibus
1757 2381 1942 2424 Terram
1971 2386 2016 2423 et
2043 2381 2226 2425 coelum
2254 2385 2344 2424 vim
2372 2387 2564 2426 mmmm

329 2486 558 2540 proponit3
587 2493 722 2536 quum
750 2488 855 2518 vero
885 2475 1097 2515 unitatem
1126 2473 1202 2513 dei
1224 2471 1463 2513 dissolvere
1492 2474 1694 2523 nequeat,
1725 2469 1909 2513 Terram
1965 2480 2023 2510 ex
2059 2480 2108 2511 se
2152 2472 2251 2522 ips·
2290 2439 2564 2523 prou-edm

323 2576 449 2621 dicit,
476 2583 607 2612 unam
635 2568 840 2619 primitus
869 2565 1025 2608 deaut„
1064 2560 1210 2600 'rem
1236 2563 1375 2598 mater
1404 2570 1455 2596 ac
1486 2558 1650 2607 conjux
1679 2558 1805 2597 Coeli
1833 2561 1928 2596 sive
1959 2558 2093 2597 Urani
2127 2543 2332 2608 ap'paret',
2359 2561 2565 2609 quemad-

329 2662 505 2703 modum
533 2658 646 2710 apud
674 2653 923 2704 Aegyptios
953 2649 1117 2692 Isidem
1145 2651 1327 2689 matrem
1356 2658 1407 2686 ac
1436 2645 1672 2696 conjugem
1700 2643 1890 2685 Osiridis
1920 2646 2152 2693 invenies,
2180 2648 2230 2685 ut
2261 2646 2378 2696 apud
2410 2643 2568 2687 Pas„

331 2749 524 2791 Ormuzd
553 2750 598 2786 et
627 2738 852 2790 Ahriman‚
881 2741 1038 2794 quihus
1065 2736 1253 2778 Mithres
1281 2734 1531 2774 intercedit.
1586 2732 1693 2774 Alia
1719 2733 1806 2773 fert
1833 2733 1977 2782 sama,
2009 2718 2199 2773 Ormuzd
2240 2734 2326 2772 deo
2363 2732 2565 2774 Ahrimass

333 2850 439 2880 num
468 2835 723 2877 interiorem
751 2830 989 2885 aliquando
1017 2826 1140 2876 fore3
1184 2825 1286 2865 aliis
1322 2824 1580 2864 auctoribus
1614 2824 1797 2875 uterque
1838 2821 2057 2861 hostiliter
2098 2822 2216 2860 inter
2258 2831 2308 2860 se
2346 2831 2485 2874 usque
2512 2823 2569 2862 ,α

337 2929 507 2968 exitum
536 2892 682 2964 rerum
712 2920 915 2968 luctatur,
942 2929 1031 2971 quo
1059 2916 1178 2958 facto
1206 2914 1437 2961 Zernno,
1475 2922 1640 2951 summo
1677 2911 1887 2958 deorum,
1929 2921 2053 2950 sacra
2101 2908 2267 2950 facient
2308 2912 2569 2950 communia.

339 3017 507 3063 Quinta
534 3013 623 3055 ruit
652 3020 799 3057 causa,
827 3008 942 3060 quod
968 3004 1160 3057 planetis
1189 3003 1376 3054 aliisque
1404 3002 1586 3041 naturae
1614 2999 1812 3050 portibus
1840 2998 2003 3038 inditos
2031 2998 2237 3049 quosdam
2265 2997 2422 3047 genios
2444 3008 2569 3047 pne.

338 3117 436 3146 esse
465 3105 692 3155 putabant,
722 3107 833 3151 quos
861 3098 912 3136 in
938 3097 1082 3147 ipsum
1110 3093 1289 3134 deorum
1316 3101 1545 3132 numerum
1573 3087 1832 3134 retulerunt,
1863 3085 1979 3126 unde
2006 3086 2151 3135 debat,
2180 3088 2229 3126 ut
2255 3085 2340 3125 soli
2369 3086 2415 3125 et
2440 3084 2572 3126 lunae

331 3195 403 3234 sui
433 3193 509 3233 dci
541 3187 912 3231 adtribuerentur.
